[{"orderId":3,"type":"bid","orderType":"market","size":614,"price":56000000,"stopPrice":0,"timestamp":1725149122},{"orderId":4,"type":"bid","orderType":"market","size":1899,"price":56000000,"stopPrice":0,"timestamp":1725149231},{"orderId":5,"type":"ask","orderType":"market","size":1927,"price":60000000,"stopPrice":0,"timestamp":1725149331},{"orderId":6,"type":"ask","orderType":"market","size":1491,"price":60000000,"stopPrice":0,"timestamp":1725149422},{"orderId":7,"type":"bid","orderType":"market","size":859,"price":56000000,"stopPrice":0,"timestamp":1725149528},{"orderId":8,"type":"bid","orderType":"market","size":903,"price":56000000,"stopPrice":0,"timestamp":1725149604},{"orderId":9,"type":"bid","orderType":"market","size":1060,"price":56000000,"stopPrice":0,"timestamp":1725149637},{"orderId":10,"type":"ask","orderType":"market","size":1674,"price":60000000,"stopPrice":0,"timestamp":1725149712},{"orderId":11,"type":"ask","orderType":"market","size":1788,"price":60000000,"stopPrice":0,"timestamp":1725149779},{"orderId":12,"type":"ask","orderType":"market","size":59,"price":60000000,"stopPrice":0,"timestamp":1725149840},{"orderId":13,"type":"bid","orderType":"market","size":640,"price":56000000,"stopPrice":0,"timestamp":1725149877},{"orderId":15,"type":"ask","orderType":"market","size":882,"price":60000000,"stopPrice":0,"timestamp":1725149948},{"orderId":16,"type":"ask","orderType":"market","size":1903,"price":60000000,"stopPrice":0,"timestamp":1725150031},{"orderId":17,"type":"bid","orderType":"market","size":825,"price":58122478,"stopPrice":0,"timestamp":1725150041},{"orderId":18,"type":"bid","orderType":"market","size":1162,"price":58122478,"stopPrice":0,"timestamp":1725150124},{"orderId":21,"type":"bid","orderType":"market","size":1010,"price":58239174,"stopPrice":0,"timestamp":1725150318},{"orderId":22,"type":"ask","orderType":"market","size":618,"price":60000000,"stopPrice":0,"timestamp":1725150374},{"orderId":23,"type":"bid","orderType":"market","size":760,"price":58239174,"stopPrice":0,"timestamp":1725150444},{"orderId":24,"type":"ask","orderType":"market","size":1335,"price":60000000,"stopPrice":0,"timestamp":1725150479},{"orderId":25,"type":"bid","orderType":"market","size":107,"price":58194954,"stopPrice":0,"timestamp":1725150492},{"orderId":26,"type":"bid","orderType":"market","size":1256,"price":56000000,"stopPrice":0,"timestamp":1725150498},{"orderId":28,"type":"ask","orderType":"market","size":1837,"price":60000000,"stopPrice":0,"timestamp":1725150517},{"orderId":30,"type":"ask","orderType":"market","size":648,"price":60000000,"stopPrice":0,"timestamp":1725150624},{"orderId":32,"type":"ask","orderType":"market","size":355,"price":60000000,"stopPrice":0,"timestamp":1725150785},{"orderId":33,"type":"ask","orderType":"market","size":1759,"price":60000000,"stopPrice":0,"timestamp":1725150876},{"orderId":34,"type":"bid","orderType":"market","size":690,"price":58516177,"stopPrice":0,"timestamp":1725150924},{"orderId":35,"type":"ask","orderType":"market","size":33,"price":60000000,"stopPrice":0,"timestamp":1725150939},{"orderId":37,"type":"bid","orderType":"market","size":331,"price":58673222,"stopPrice":0,"timestamp":1725151068},{"orderId":39,"type":"bid","orderType":"market","size":220,"price":58740634,"stopPrice":0,"timestamp":1725151268},{"orderId":41,"type":"ask","orderType":"market","size":343,"price":58804100,"stopPrice":0,"timestamp":1725151441},{"orderId":42,"type":"bid","orderType":"market","size":931,"price":58673222,"stopPrice":0,"timestamp":1725151517},{"orderId":43,"type":"ask","orderType":"limit","size":907,"price":58804100,"stopPrice":0,"timestamp":1725151557},{"orderId":45,"type":"ask","orderType":"limit","size":530,"price":58936900,"stopPrice":0,"timestamp":1725151746},{"orderId":46,"type":"bid","orderType":"market","size":259,"price":58840216,"stopPrice":0,"timestamp":1725151770},{"orderId":47,"type":"bid","orderType":"market","size":145,"price":58840216,"stopPrice":0,"timestamp":1725151849},{"orderId":48,"type":"bid","orderType":"market","size":529,"price":58840216,"stopPrice":0,"timestamp":1725151892},{"orderId":49,"type":"bid","orderType":"market","size":258,"price":58441632,"stopPrice":0,"timestamp":1725151989},{"orderId":50,"type":"ask","orderType":"limit","size":1202,"price":58936900,"stopPrice":0,"timestamp":1725152024},{"orderId":51,"type":"bid","orderType":"market","size":1898,"price":56000000,"stopPrice":0,"timestamp":1725152070},{"orderId":52,"type":"ask","orderType":"limit","size":193,"price":58936900,"stopPrice":0,"timestamp":1725152104},{"orderId":53,"type":"bid","orderType":"market","size":618,"price":59105258,"stopPrice":0,"timestamp":1725152198},{"orderId":57,"type":"ask","orderType":"market","size":1021,"price":60000000,"stopPrice":0,"timestamp":1725152472},{"orderId":60,"type":"ask","orderType":"market","size":1245,"price":60000000,"stopPrice":0,"timestamp":1725152623},{"orderId":62,"type":"ask","orderType":"market","size":1912,"price":60000000,"stopPrice":0,"timestamp":1725152730},{"orderId":63,"type":"ask","orderType":"limit","size":691,"price":59373980,"stopPrice":0,"timestamp":1725152780},{"orderId":65,"type":"bid","orderType":"market","size":1226,"price":59261036,"stopPrice":0,"timestamp":1725152877},{"orderId":66,"type":"ask","orderType":"limit","size":422,"price":59373980,"stopPrice":0,"timestamp":1725152972},{"orderId":67,"type":"ask","orderType":"limit","size":416,"price":59611284,"stopPrice":0,"timestamp":1725153036},{"orderId":68,"type":"ask","orderType":"market","size":103,"price":60000000,"stopPrice":0,"timestamp":1725153040},{"orderId":69,"type":"bid","orderType":"market","size":236,"price":59674184,"stopPrice":0,"timestamp":1725153064},{"orderId":70,"type":"bid","orderType":"market","size":412,"price":59261036,"stopPrice":0,"timestamp":1725153112},{"orderId":71,"type":"bid","orderType":"market","size":158,"price":59124979,"stopPrice":0,"timestamp":1725153174},{"orderId":75,"type":"bid","orderType":"market","size":1887,"price":59822301,"stopPrice":0,"timestamp":1725153368},{"orderId":77,"type":"ask","orderType":"market","size":1779,"price":60000000,"stopPrice":0,"timestamp":1725153462},{"orderId":78,"type":"ask","orderType":"market","size":367,"price":60000000,"stopPrice":0,"timestamp":1725153528},{"orderId":79,"type":"bid","orderType":"market","size":614,"price":59826880,"stopPrice":0,"timestamp":1725153624},{"orderId":80,"type":"bid","orderType":"market","size":25,"price":59826880,"stopPrice":0,"timestamp":1725153725},{"orderId":81,"type":"bid","orderType":"market","size":109,"price":59826880,"stopPrice":0,"timestamp":1725153804},{"orderId":82,"type":"bid","orderType":"market","size":220,"price":59756292,"stopPrice":0,"timestamp":1725153888},{"orderId":83,"type":"ask","orderType":"market","size":183,"price":60000000,"stopPrice":0,"timestamp":1725153954},{"orderId":84,"type":"ask","orderType":"market","size":1463,"price":60000000,"stopPrice":0,"timestamp":1725154035},{"orderId":85,"type":"ask","orderType":"market","size":882,"price":60000000,"stopPrice":0,"timestamp":1725154060},{"orderId":86,"type":"bid","orderType":"market","size":305,"price":56000000,"stopPrice":0,"timestamp":1725154138},{"orderId":87,"type":"bid","orderType":"market","size":1860,"price":56000000,"stopPrice":0,"timestamp":1725154173},{"orderId":88,"type":"bid","orderType":"market","size":1226,"price":56000000,"stopPrice":0,"timestamp":1725154241},{"orderId":89,"type":"ask","orderType":"market","size":1546,"price":60000000,"stopPrice":0,"timestamp":1725154258},{"orderId":90,"type":"bid","orderType":"market","size":132,"price":56000000,"stopPrice":0,"timestamp":1725154285},{"orderId":91,"type":"ask","orderType":"market","size":434,"price":60000000,"stopPrice":0,"timestamp":1725154360},{"orderId":93,"type":"ask","orderType":"market","size":963,"price":60000000,"stopPrice":0,"timestamp":1725154446},{"orderId":94,"type":"ask","orderType":"market","size":636,"price":60000000,"stopPrice":0,"timestamp":1725154507},{"orderId":96,"type":"ask","orderType":"market","size":1689,"price":60000000,"stopPrice":0,"timestamp":1725154528},{"orderId":98,"type":"bid","orderType":"market","size":97,"price":59918636,"stopPrice":0,"timestamp":1725154622},{"orderId":99,"type":"bid","orderType":"market","size":905,"price":56000000,"stopPrice":0,"timestamp":1725154693},{"orderId":100,"type":"ask","orderType":"market","size":699,"price":60000000,"stopPrice":0,"timestamp":1725154759}]